<record><leader>00000cas a2200000 a 4500</leader><controlfield tag="001">50561320</controlfield><controlfield tag="008">020907d18uu1919iludr ne      0    0eng c</controlfield><datafield ind1=" " ind2=" " tag="010"><subfield code="a">sn2002060805</subfield></datafield><datafield ind1=" " ind2=" " tag="040"><subfield code="a">CVF</subfield><subfield code="b">eng</subfield><subfield code="c">CVF</subfield><subfield code="d">OCLCQ</subfield><subfield code="d">NVF</subfield><subfield code="d">OCLCQ</subfield><subfield code="d">OCLCF</subfield><subfield code="d">OCLCO</subfield></datafield><datafield ind1="1" ind2=" " tag="029"><subfield code="a">AU@</subfield><subfield code="b">000025189199</subfield></datafield><datafield ind1=" " ind2=" " tag="042"><subfield code="a">pcc</subfield></datafield><datafield ind1=" " ind2=" " tag="043"><subfield code="a">n-us-il</subfield></datafield><datafield ind1="0" ind2="0" tag="245"><subfield code="a">Waukegan daily gazette.</subfield></datafield><datafield ind1=" " ind2=" " tag="260"><subfield code="a">Waukegan, Lake Co., Ill. :</subfield><subfield code="b">Gazette Pub. Co.,</subfield><subfield code="c">18---1919.</subfield></datafield><datafield ind1=" " ind2=" " tag="300"><subfield code="a">v.</subfield></datafield><datafield ind1=" " ind2=" " tag="310"><subfield code="a">Daily</subfield></datafield><datafield ind1="0" ind2=" " tag="362"><subfield code="a">-69th yr., no. 246 (Oct. 18, 1919).</subfield></datafield><datafield ind1=" " ind2="0" tag="651"><subfield code="a">Waukegan (Ill.)</subfield><subfield code="v">Newspapers.</subfield></datafield><datafield ind1=" " ind2="7" tag="655"><subfield code="a">Newspapers.</subfield><subfield code="2">fast</subfield><subfield code="0">(OCoLC)fst01423814</subfield></datafield><datafield ind1=" " ind2="7" tag="651"><subfield code="a">Illinois</subfield><subfield code="z">Waukegan.</subfield><subfield code="2">fast</subfield><subfield code="0">(OCoLC)fst01202708</subfield></datafield><datafield ind1=" " ind2=" " tag="752"><subfield code="a">United States</subfield><subfield code="b">Illinois</subfield><subfield code="c">Lake</subfield><subfield code="d">Waukegan.</subfield></datafield><datafield ind1="0" ind2="0" tag="780"><subfield code="t">Waukegan daily gazette register</subfield><subfield code="w">(DLC)sn2002060801</subfield><subfield code="w">(OCoLC)50561282</subfield></datafield><datafield ind1="0" ind2="0" tag="780"><subfield code="t">Waukegan daily register</subfield><subfield code="w">(DLC)sn2002060892</subfield><subfield code="w">(OCoLC)50560996</subfield></datafield><datafield ind1="0" ind2="7" tag="785"><subfield code="t">Waukegan daily sun</subfield><subfield code="w">(DLC)sn 86063882</subfield><subfield code="w">(OCoLC)13506622</subfield></datafield><datafield ind1="0" ind2="7" tag="785"><subfield code="t">Waukegan daily sun and the Waukegan daily gazette</subfield><subfield code="w">(OCoLC)31156908</subfield></datafield></record>